% bibliograpy for SSH-aerosol 
@string{anm = "Appl. Numer. Math."}
@string{acp = "Atmos. Chem. Phys."}
@string{acpd = "Atmos. Chem. Phys. Discuss."}
@string{afm = "Agric. For. Meteor."}
@string{ageo = "Annales Geophysicae"}
@string{ast = "Aer. Sci. and Technol."}
@string{atmoenv = "Atmos. Environ."}
@string{bams = "Bull. Amer. Meteor. Soc."}
@string{blm = "Boundary-Layer Meteor."}
@string{combustflame = "Combust. Flame"}
@string{ces = "Chem. Eng. Sci."}
@string{cpc = "Computer Phys. Comm."}
@string{ems = "Env. Mod. Soft."}
@string{est = "Environ. Sci. and Technol."}
@string{fardisc = "Faraday Discuss."}
@string{gmd = "Geosci. Model Dev."}
@string{grl = "Geophys. Res. Lett."}
@string{ieeetnn = "IEEE Trans. Neural Net."}
@string{ijep = "Int. J. Env. and Pollution"}
@string{jam = "J. Applied Meteor."}
@string{jac = "J. Atmos. Chem."}
@string{jas = "J. Atmos. Sci."}
@string{jaer = "J. Aerosol Sci."}
@string{jc = "J. Climate"}
@string{jcam = "J. Comp. Appl. Math."}
@string{jcp = "J. Comp. Phys."}
@string{jcss = "J. Computer and Sys. Sci."}
@string{jde = "J. Diff. Eqns."}
@string{jgr = "J. Geophys. Res."}
@string{jmsj = "J. Meteor. Soc. of Japan"}
@string{mathcomp = "Math. Comp."}
@string{mwr = "Mon. Wea. Rev."}
@string{pnas = "Proc. Nat. Acad. Sci."}
@string{qjrms = "Quart. J. Roy. Meteor. Soc."}
@string{Science = "Science"}
@string{siamjna = "SIAM J. Numer. Anal."}
@string{siamssc = "SIAM J. on Sci. and Stat. Comp."}
@string{siamsc = "SIAM J. Sci. Comp."}
@string{smi = "Surveys on Math. for Indus."}
@string{statsc = "Stat. Sci."}
@string{tellus = "Tellus"}
@string{toms = "{ACM} Trans. on Math. Soft."}
@string{transams = "Trans. Amer. Math. Soc."}
@string{wefo = "Wea. Forecasting"}

@Article{m,
AUTHOR = {},
TITLE = {{}},
JOURNAL = acp,
VOLUME = {},
YEAR = {20},
NUMBER = {},
PAGES = {},
DOI = {}
}


@Article{shiraiwa,
AUTHOR = {Shiraiwa, M. and Seinfeld, J.H.},
TITLE = {{Equilibration timescale of atmospheric secondary organic aerosol partitioning.}},
JOURNAL = grl,
VOLUME = {39},
YEAR = {2012},
NUMBER = {L24801},
DOI = {10.1029/2012GL054008}
}


@Article{hosny,
AUTHOR = {Hosny, N.A. and Fitzgerald, C. and Vy\v{s}niauska, A. and Athanasiadi, A. and Berkemeie, T. and Uygu, N. and P\"osch, U. hand Shiraiwa, M. and Kalberer, M. and Pope, F.D. and Kuimova, M.K.},
TITLE = {{Direct imaging of changes in aerosol particle viscosity upon hydration and chemical aging.}},
JOURNAL = "Chem. Sci.",
VOLUME = {7},
YEAR = {2016},
PAGES = {1357-1367},
DOI = {10.1039/C5SC02959G}
}

@Article{abramson,
AUTHOR = {Abramson, E. and Imre, D. and Ber\'anek J. and Wilson, J. and Zelenyu, A.},
TITLE = {{Experimental determination of chemical diffusion within secondary organic aerosol particles.}},
JOURNAL = "Phys. Chem. Chem. Phys.",
VOLUME = {15},
YEAR = {2013},
pages  ="2983-2991",
doi  ="10.1039/C2CP44013J"
}

@Article{stier05,
AUTHOR = {Stier, P. and Feichter, J. and Kinne, S. and Kloster, S. and Vignati, E. and Wilson, J. and Ganzeveld, L. and Tegen, I. and Werner, M. and Balkanski, Y. and Schulz, M. and Boucher, O. and Minikin, A. and Petzold, A.},
TITLE = {{The aerosol-climate model ECHAM5-HAM}},
JOURNAL = acp,
VOLUME = {5},
YEAR = {2005},
PAGES = {1125-1156},
DOI = {10.5194/acp-5-1125-2005}
}


@article{binkowski,
author = {Binkowski, Francis S. and Roselle, Shawn J.},
title = {Models-3 Community Multiscale Air Quality (CMAQ) model aerosol component 1. Model description},
journal = jgr,
volume = {108},
number = {D6},
pages = {},
doi = {10.1029/2001JD001409},
year = {2003}
}

@article{zaveri08,
author = {Zaveri, Rahul A. and Easter, Richard C. and Fast, Jerome D. and Peters, Leonard K.},
title = {Model for Simulating Aerosol Interactions and Chemistry (MOSAIC)},
journal = jgr,
volume = {113},
number = {D13},
doi = {10.1029/2007JD008782},
year = {2008}
}

@article{meng98,
author = {Meng, Zhaoyue and Dabdub, Donald and Seinfeld, John H.},
title = {Size-resolved and chemically resolved model of atmospheric aerosol dynamics},
journal = jgr,
volume = {103},
number = {D3},
pages = {3419-3435},
doi = {10.1029/97JD02796},
year = {1998}
}



@Article{zuend2008,
AUTHOR = {Zuend, A. and Marcolli, C. and Luo, B.P. and Peter, T.},
TITLE = {{A thermodynamic model of mixed organic-inorganic aerosols to predict activity coefficients}},
JOURNAL = acp,
VOLUME = {8},
YEAR = {2008},
NUMBER = {},
PAGES = {4559-4593},
DOI = {10.5194/acp-8-4559-2008}
}

@Article{Fredenslund,
AUTHOR = {Fredenslund, A. and Jones, R.L. and Prausnitz, J.M.},
TITLE = {{Group-contribution estimation of activity coefficients in nonideal liquid mixtures}},
JOURNAL = "AIChE J.",
VOLUME = {21},
YEAR = {1975},
NUMBER = {},
PAGES = {1086-1099},
DOI = {10.1002/aic.690210607}
}


@article{tulet,
author = {Tulet, Pierre and Grini, Alf and Griffin, Robert J. and Petitcol, Sebastien},
title = {{ORILAM-SOA: A computationally efficient model for predicting secondary organic aerosols in three-dimensional atmospheric models}},
journal = jgr,
volume = {111},
number = {D23},
pages = {},
keywords = {reactivity weighting, SOA modeling, photochemical mechanism},
doi = {10.1029/2006JD007152},
year = {2006}
}



@Article{matsui,
AUTHOR = {Matsui, H.},
TITLE = {{Development of a global aerosol model using a two-dimensional sectional method: 1. Model design}},
JOURNAL = "J. Adv. Model. Earth Syst.",
VOLUME = {9},
YEAR = {2017},
PAGES = {1921-1947},
DOI = {10.1002/2017MS000936}
}

@Article{korhonen,
AUTHOR = {Korhonen, H. and Lehtinen, K.E.J. and Kulmala, M.},
TITLE = {{Multicomponent aerosol dynamics model UHMA: model development and validation}},
JOURNAL = acp,
VOLUME = {4},
YEAR = {2004},
NUMBER = {},
PAGES = {757-771},
DOI = {10.5194/acp-4-757-2004}
}

@article{grini2005,
  title={A combined photochemistry/aerosol dynamics model: model development and a study of new particle formation},
  author={Grini, Alf and Korhonen, Hannele and Lehtinen, Kari EJ and Isaksen, Ivar SA and Kulmala, Markku},
  journal={Boreal environment research},
  volume={10},
  number={6},
  pages={525--541},
  year={2005}
}

@article{sunling,
author = {Zhou, Chunhong and Sun, Minghua and Zhao, Tianliang and Gong, Sunling},
year = {2004},
pages = {47-52},
title = {{Mesoscale aerosol numerical system developed in NMC, China}},
journal = {International Symposium on Environmental Management -Air pollution and Urban Solid Waste Management and Related Policy Issues}
}


@article{Bessagnet04,
author = "B. Bessagnet and A. Hodzic and R. Vautard and M. Beekmann and S. Cheinet and C. Honor\'e and C. Liousse and L. Rouil",

title = {{Aerosol modeling with CHIMERE-preliminary evaluation at the continental scale}},
journal = atmoenv,
volume = "38",
number = "18",
pages = "2803 - 2817",
year = "2004",
issn = "1352-2310",
doi = "10.1016/j.atmosenv.2004.02.034",
}


@Article{vignati,
AUTHOR = {Vignati, E. and Wilson, J. and Stier, P.},
TITLE = {{M7: An efficient size-resolved aerosol microphysics module for large-scale aerosol transport models }},
JOURNAL = jgr,
VOLUME = {109},
YEAR = {2004},
NUMBER = {D22202},
DOI = {10.1029/2003JD004485}
}


@article{Lu2010,
author = {Lu, J. and Bowman, F. M.},
issn = {1680-7324},
journal = acp,
number = {8},
pages = {4033--4046},
title = {{A detailed aerosol mixing state model for investigating interactions between mixing state, semivolatile partitioning, and coagulation}},
volume = {10},
year = {2010},
doi = {10.5194/acp-10-4033-2010}
}

@Article{oshima,
  author = 		 {Oshima, N. and Koike, M. and Zhang, Y. and Kondo, Y. and Moteki, N. and Takegawa, N. and Miyazaki, Y.},
  title = 		 {Aging of black carbon in outflow from anthropogenic sources using a mixing state resolved model: {M}odel development and evaluation},
  journal = 	 jgr,
  year = 		 2009,
  volume = 	 114,
  pages = 	 {D06210},
  doi={10.1029/2008JD010680}
}

@Book{ascher1998,
  author = 		 {Ascher, U.M. and Petzold, L.R.},
  title = 		 {Computer Methods for Ordinary Differential Equations and Differential-Algebraic Equations},
  year = 		 1998,
  publisher= {Philadelphia: Society for Industrial and Applied Mathematics},
  number =		 {ISBN 978-0-89871-412-8.}
}


@Article{suarez17,
AUTHOR = {Ricardo Suarez-Bertoa and Pablo Mendoza-Villafuerte and Francesco Riccobono and Michal Vojtisek and Martin Pechout and Adolfo Perujo and Covadonga Astorga},
TITLE = {{On-road measurement of NH3 emissions from gasoline and diesel passenger cars during real world driving conditions.}},
JOURNAL = atmoenv,
VOLUME = {166},
YEAR = {2017},
PAGES = {488-497},
DOI = {10.1016/j.atmosenv.2017.07.056}
}

@article{goliff13,
  title={The regional atmospheric chemistry mechanism, version 2},
  author={Goliff, W.S. and Stockwell, W.R. and Lawson, C.V.},
  journal=atmoenv,
  volume={68},
  number={1},
  pages={174--185},
  year={2013},
  doi={10.1016/j.atmosenv.2012.11.038}
}

@Article{pun2007,
author = {Pun, B. K. and Seigneur, C.},
title = {Investigative modeling of new pathways for secondary organic aerosol formation},
journal = acp, 
volume = {7},
year = {2007},
pages = {2199-2216},
doi={10.5194/acp-7-2199-2007}
}

@Article{couvidat11,
AUTHOR = {Couvidat, F. and Seigneur, C. },
TITLE = {{Modeling secondary organic aerosol formation from isoprene oxidation under dry and humid conditions.}},
JOURNAL = acp,
VOLUME = {11},
YEAR = {2011},
PAGES = {893-909},
DOI = {10.5194/acp-11-893-2011}
}


@Article{pat18,
author = {Patoulias, D. and Fountoukis, C. and Riipinen, I. and Asmi, A. and Kulmala, M. and Pandis, S.N.},
title = {{Simulation of the size-composition distribution of atmospheric nanoparticles over Europe}},
journal = acp, 
volume = {18},
year = {2018},
pages = {13639-13654},
doi={10.5194/acp-18-13639-2018}
}


@Article{zhang-nucl-2010,
  author = 	 {Zhang, Y. and McMurry, P.H. and Yu, F.Q. and Jacobson, M.Z.},
  title = 	 {A comparative study of nucleation parameterizations: 1. {E}xamination and evaluation of the formulations},
  journal = 	 jgr,
  year = 	 {2010},
  volume = 	 {115},
  number = 	 {D20212},
  doi={10.1029/2010JD014150}
}

@Article{allen,
  author = 		 {Allen, A.G. and Harrison, R.M. and Erisman, J.-W.},
  title = 		 {Field measurements of the dissociation of ammonium nitrate and ammonium chloride aerosols},
  journal = 	 atmoenv,
  year = 		 {1989},
  volume =		 {23},
  pages =		 {1591-1599},
  doi={10.1016/0004-6981(89)90418-6}
}


@Article{pilinis,
  author = 		 {Pilinis, C. and Capaldo, K.P. and Nenes A. and Pandis S.N.},
  title = 		 {{MADM} -- {A} {N}ew {M}ulticomponent {A}erosol {D}ynamics {M}odel},
  journal = 	 ast,
  year =		 {2000},
  volume =		 {32},
  pages =		 {482-502},
  doi={10.1080/027868200303597}
}

@Article{timescale,
  author = 		 {Wexler, A.S. and Seinfeld, J.H.},
  title = 		 {The distribution of ammonium salts among a size and composition dispersed aerosol},
  journal = 	 atmoenv,
  year = 		 {1990},
  volume =		 {24A},
  pages =		 {1231-1246},
  doi={10.1016/0960-1686(90)90088-5}
}

@Article{vehkamaki,
  author = 	 {H. Vehkamaki and M. Kulmala and I. Napari and K.E.J. Lehtinen and C. Timmreck and M. Noppel and A. Laaksonen},
  title = 	 {An improved parameterization for sulfuric acid-water nucleation rates for tropospheric and stratospheric conditions},
  journal = 	 jgr,
  year = 	 {2002},
  volume = 	 {107},
  number = 	 {D22},
  pages = 	 {4622},
  doi={10.1029/2002JD002184}
}

@Article{cholakian,
AUTHOR = {Cholakian, A. and Beekmann, M. and Colette, A. and Coll, I. and Siour, G. and Sciare, J. and Marchand, N. and Couvidat, F. and Pey, J. and Gros, V. and Sauvage, S. and Michoud, V. and Sellegri, K. and Colomb, A. and Sartelet, K. and Langley DeWitt, H. and Elser, M. and Pr\'evot, AS.H. and Szidat, S. and Dulac, F.},
TITLE = {{Simulation of fine organic aerosols in the western Mediterranean area
 during the ChArMEx 2013 summer campaign.}},
JOURNAL = acp,
VOLUME = {18},
YEAR = {2018},
PAGES = {7287-7312},
DOI = {10.5194/acp-18-7287-2018}
}

@article{blom2000comparison,
  title={A comparison of integration methods for atmospheric transport-chemistry problems},
  author={Blom, JG and Verwer, JG},
  journal={Journal of computational and Applied Mathematics},
  volume={126},
  number={1-2},
  pages={381--396},
  year={2000},
  publisher={Elsevier},
  doi = {10.1016/S0377-0427(99)00366-0},
}

@Article{couvidat2018,
AUTHOR = {Couvidat, F. and Bessagnet, B. and Garcia-Vivanco, M. and Real, E. and Menut, L. and Colette, A.},
TITLE = {Development of an inorganic and organic aerosol model (CHIMERE 2017$\beta$~v1.0): seasonal and spatial evaluation over Europe},
JOURNAL = gmd,
VOLUME = {11},
YEAR = {2018},
NUMBER = {1},
PAGES = {165--194},
DOI = {10.5194/gmd-11-165-2018}
}



@Article{abdallah2018,
AUTHOR = {Abdallah, C. and Afif, C. and El Masri, N. and \"Ozt\"urk, F. and Kele\c{c}, M. and Sartelet, K.},
TITLE = {{A first annual assessment of air quality modeling over Lebanon using WRF/Polyphemus.}},
JOURNAL = "Atmos. Poll. Res.",
VOLUME = {9},
YEAR = {2018},
PAGES = {643-654},
DOI = {10.1016/j.apr.2018.01.003}
}


@Article{couvidat2013,
AUTHOR = {Couvidat, F. and Kim, Y. and Sartelet, K. and Seigneur, C. and Marchand, N. and Sciare, J.},
TITLE = {{Modeling secondary organic aerosol in an urban area: application to Paris }},
JOURNAL = acp,
VOLUME = {13},
YEAR = {2013},
PAGES = {983-996},
doi= {10.5194/acp-13-983-2013}
}


@Article{zhu2016a,
AUTHOR = {Zhu, S. and Sartelet, K. and Zhang, Y. and Nenes, A.},
TITLE = {{Three-dimensional modelling of the mixing state of particles over Greater Paris.}},
JOURNAL = jgr,
VOLUME = {121},
YEAR = {2016},
DOI = {10.1002/2015JD024241}
}



@Article{majdi2019a,
AUTHOR = {Majdi, M. and Turquety, S. and Sartelet, K. and Legorgeu, C. and Menut, L. and Kim, Y.},
TITLE = {{Impact of wildfires on particulate matter in the Euro-Mediterranean in 2007: sensitivity to some parameterizations of emissions in air quality models.}},
JOURNAL = acp,
VOLUME = {19},
YEAR = {2019},
PAGES = {785-812},
DOI = {10.5194/acp-19-785-2019}
}


@Article{freney2018,
AUTHOR = {Freney, E. and Sellegri, K. and Chrit, M. and Adachi, K. and Brito, J. and Waked, A. and Borbon, A. and Colomb, A. and Dupuy, R. and Pichon, J.-M. and Bouvier, L. and Delon, C. and Jambert, C. and Durand, P. and Bourianne, T. and Gaimoz, C. and Triquet, S. and Féron, . and Beekmann, M. and Dulac, F. and Sartelet, K.},
TITLE = {{Aerosol composition and the contribution of SOA formation
over Mediterranean forests.}},
JOURNAL = acp,
VOLUME = {18},
YEAR = {2018},
PAGES = {7041-7056},
DOI = {10.5194/acp-18-7041-2018}
}

@Article{chrit2018b,
AUTHOR = {Chrit, M. and Sartelet, K. and Sciare, J. and Pey, J. and Nicolas, J.B. and Marchand, N. and Freney, E. and Sellegri, K. and Beekmann, M. and Dulac, F. },
TITLE = {{Aerosol sources in the western Mediterranean during summertime: A model-based approach. }},
JOURNAL = acp,
VOLUME = {18},
YEAR = {2018},
PAGES = {9631-9659},
DOI = {10.5194/acp-18-9631-2018}
}

@Article{chrit2018a,
AUTHOR = {Chrit, M. and Sartelet, K. and Sciare, J. and Majdi, M. and Nicolas, J. and Petit, J.-E. and Dulac, F. },
TITLE = {{Modeling organic aerosol concentrations and properties during winter 2014 in the northwestern Mediterranean region.}},
JOURNAL = acp,
VOLUME = {18},
YEAR = {2018},
PAGES = {18079-18100},
DOI = {10.5194/acp-18-18079-2018}
}

@Article{majdi2019b,
AUTHOR = {Majdi, M. and Sartelet, K. and Lanzafame, G. M. and Couvidat, F. and Kim, Y. and Chrit, M. and Turquety, S.},
TITLE = {{Precursors and formation of secondary organic aerosols from wildfires in the Euro-Mediterranean region.}},
JOURNAL = acp,
VOLUME = {19},
YEAR = {2019},
PAGES = {5543-5569},
DOI = {10.5194/acp-19-5543-2019}
}

@Article{debry2007,
AUTHOR = {Debry, {\'E}. and Fahey, K. and Sartelet, K. and Sportisse, B. and Tombette, M.},
TITLE = {{Technical Note: A new {SI}ze {RE}solved {A}erosol {M}odel (SIREAM)}},
JOURNAL = acp,
VOLUME = {7},
YEAR = {2007},
NUMBER = {6},
PAGES = {1537--1547},
DOI = {10.5194/acp-7-1537-2007}
}

@article{merikantob,
  author = 	 {Merikanto, J. and Napari, I. and Vehkam\"aki, H and Anttila, T. and Kulmala, M.},
  title = 	 {Correction to "New parameterization of sulfuric acid-ammonia-water ternary nucleation rates at tropospheric conditions"},
  journal = 	 jgr,
  year = 	 {2009},
  volume = 	 {114},
  number = 	 {D09206},
  doi = 	 {10.1029/2009JD012136}
}

@article{merikantoa,
  author = 	 {Merikanto, J. and Napari, I. and Vehkam\"aki, H. and Anttila, T. and Kulmala, M.},
  title = 	 {New parameterization of sulfuric acid-ammonia-water ternary nucleation rates at tropospheric conditions},
  journal = 	 jgr,
  year = 	 {2007},
  volume = 	 {112},
  number = 	 {D15207},
  doi = 	 {10.1029/2006JD007977}
}

@article{vehk,
  author = 	 {Vehkamaki, H. and Kulmala, M. and Napari, I. and Lehtinen K.E.J. and Timmreck, C. and Noppel, M. and Laaksonen, A.},
  title = 	 {An improved parameterization for sulfuric acid-water nucleation rates for tropospheric and stratospheric conditions},
  journal = 	 jgr,
  year = 	 {2002},
  volume = 	 {107},
  number = 	 {D22},
  pages = 	 {4622},
  doi={10.1029/2002JD002184} 
}

@article{napari,
  author =       {Napari, I. and Noppel, M. and Vehkamaki, H. and Kulmala, M.},
  title =        {Parametrization of ternary nucleation rates for $H_2SO_4$-$NH_3$-$H_2O$ vapors.},
  journal =      jgr,
  volume =       {107 (D19)},
  doi =        {10.1029/2002JD002132},
  year =         {2002}
}

@article{zhu2015,
  title={{A size-composition resolved aerosol model for simulating the dynamics of externally mixed particles: SCRAM (v 1.0)}},
  author={Zhu, Shupeng and Sartelet, Karine N and Seigneur, Christian},
  journal=gmd,
  volume={8},
  number={6},
  pages={1595--1612},
  year={2015},
  publisher={Copernicus GmbH},
  doi={10.5194/gmd-8-1595-2015}
}

@article{couvidat2015,
  title={{The Secondary Organic Aerosol Processor (SOAP v1. 0) model: a unified model with different ranges of complexity based on the molecular surrogate approach}},
  author={Couvidat, Florian and Sartelet, Karine},
  journal=gmd,
  volume={8},
  number={4},
  pages={1111--1138},
  year={2015},
  publisher={Copernicus GmbH},
  doi={10.5194/gmd-8-1111-2015}
}


@Article{nenes99,
  author = 		 {Nenes, A. and Pandis, S.N. and Pilinis, C.},
  title = 		 {ISORROPIA: A new thermodynamic equilibrium model for multiphase multicomponent inorganic aerosols},
  journal = 	 "Aquat. Geoch.",
  year = 		 {1998},
  volume =		 {4},
  pages = {123-152},
  doi={10.1023/A:1009604003981}
}
@Article{saprc10,
  author = 		 {Carter, WPL},
  title = 		 {Development of the {SAPRC-07} chemical mechanism},
  journal = 	 atmoenv,
  year = 		 2010,
  volume =		 44,
  number =		 {40},
  pages =		 {5324-5335},
  doi={10.1016/j.atmosenv.2010.01.026}
}
@article{couvidat2012,
  title={{A hydrophilic/hydrophobic organic (H$^2$O) aerosol model: Development, evaluation and sensitivity analysis}},
  author={Couvidat, Florian and Debry, Edouard and Sartelet, Karine and Seigneur, Christian},
  journal={J. Geophys. Res.: Atmospheres},
  volume={117},
  number={D10},
  year={2012},
  publisher={Wiley Online Library},
  doi={10.1029/2011JD017214}
}

@Article{odum96,
  author = 		 {Odum, J.R. and Hoffmann, T. and Bowman, F. and Collins, D. and Flagan, R.C. and Seinfeld, J.H.},
  title = 		 {Gas/particle partitioning and secondary organic aerosol yields},
  journal =est,
  year = 		 {1996},
  volume =		 {30},
  pages = {2580-2585},
  doi={10.1021/es950943+}
}

@article{kim2019,
  title={Modeling the effect of non-ideality, dynamic mass transfer and viscosity on SOA formation in a 3-D air quality model},
  author={Kim, Youngseob and Sartelet, Karine and Couvidat, Florian},
  journal=acp,
  volume={19},
  number={2},
  pages={1241--1261},
  year={2019},
  publisher={Copernicus GmbH},
  doi={10.5194/acp-19-1241-2019}
}

@Article{kim-jawma,
AUTHOR = {Kim, Y. and Couvidat, F. and Sartelet, K. and Seigneur, C. },
TITLE = {Comparison of different gas-phase mechanisms and aerosol modules for simulating particulate matter formation},
JOURNAL = {J. Air Waste Manage. Assoc},
VOLUME = {61},
pages={1218-1226},
YEAR = {2011},
doi={ 10.1080/10473289.2011.603999}
}

@Article{donahue06,
  author = 		 {Donahue, N.M. and Robinson, A.L. and Stanier, C.O. and Pandis, S.N.},
  title = 		 {Coupled partitioning, dilution, and chemical aging of semi-volatile organics},
  journal = 	 est,
  year = 		 {2006},
  volume =		 {40},
  pages = {2635-2643},
  doi={10.1021/es052297c}
}

@Article{lannuque18,
  author = 		 {Lannuque, V. and Camredon, M. and Couvidat, F. and Hodzic, A. and Valorso, R. and Madronich, S. and Bessagnet, B. and Aumont, B.},
  title = 		 {Exploration of the influence of environmental conditions on secondary organic aerosol formation and organic species properties using explicit simulations: development of the VBS-GECKO parameterization},
  journal = 	 acp,
  year = 		 {2018},
  volume =		 {18},
  pages = {13411-13428},
  doi = {10.5194/acp-18-13411-201}
}

@article{goliff2013,
author = {Goliff, W.S. and Stockwell, W.R. and Lawson, C.V.},
title = {{The Regional Atmospheric Chemistry Mechanism}, version 2},
year = 2013,
journal = atmoenv,
  volume =		 {68},
  pages = {174-185},
  doi = {10.1016/j.atmosenv.2012.11.038}
}

@article{yarwood2005,
author = {G. Yarwood and S. Rao and M. Yocke and G. Whitten},
title = {Updates to the Carbon Bond Chemical Mechanism: {CB05} {F}inal Report to the {US EPA}, {RT}-0400675},
note = {available at \url{http://www.camx.com/publ/pdfs/CB05\_Final\_Report\_120805.pdf}},
year = {2005}
}

@Article{donahue11,
  author = 		 {Donahue, N.M. and Epstein, S.A. and Pandis, S.N. and Robinson, A.L.},
  title = 		 {A two-dimensional volatility basis set: 1. organic-aerosol mixing thermodynamics},
  journal = 	 acp,
  year = 		 {2011},
  volume =		 {11},
  pages = {3303-3318},
  doi={10.5194/acp-11-3303-2011}
}

@article{seigneur1986simulation,
  title={Simulation of aerosol dynamics: A comparative review of mathematical models},
  author={Seigneur, Christian and Hudischewskyj, A Belle and Seinfeld, John H and Whitby, Kenneth T and Whitby, Evan R and Brock, James R and Barnes, Harold M},
  journal=ast,
  volume={5},
  number={2},
  pages={205--222},
  year={1986},
  publisher={Taylor \& Francis},
  doi={10.1080/02786828608959088}
}


@article{zhang1999simulation,
  title={Simulation of aerosol dynamics: A comparative review of algorithms used in air quality models},
  author={Zhang, Yang and Seigneur, Christian and Seinfeld, John H and Jacobson, Mark Z and Binkowski, Francis S},
  journal=ast,
  volume={31},
  number={6},
  pages={487--514},
  year={1999},
  publisher={Taylor \& Francis},
  doi={10.1080/027868299304039}
}

@article{binkowski2003models,
  title={Models-3 Community Multiscale Air Quality (CMAQ) model aerosol component 1. Model description},
  author={Binkowski, Francis S and Roselle, Shawn J},
  journal={J. Geophys. Res.: Atmospheres},
  volume={,08},
  number={D6},
  year={2003},
  publisher={Wiley Online Library},
  doi={10.1029/2001JD001409}
}

@article{chrit2017,
  title={Modelling organic aerosol concentrations and properties during ChArMEx summer campaigns of 2012 and 2013 in the western Mediterranean region},
  author={Chrit, Mounir and Sartelet, Karine and Sciare, Jean and Pey, Jorge and Marchand, Nicolas and Couvidat, Florian and Sellegri, Karine and Beekmann, Matthias},
  journal=acp,
  volume={17},
  number={20},
  pages={12509--12531},
  year={2017},
  publisher={Copernicus GmbH},
  doi={10.5194/acp-17-12509-2017}
}

@article{sartelet2006,
  title={{Development and preliminary validation of a modal aerosol model for tropospheric chemistry: MAM}},
  author={Sartelet, KN and Hayami, H and Albriet, B and Sportisse, B},
  journal=ast,
  volume={40},
  number={2},
  pages={118--127},
  year={2006},
  publisher={Taylor \& Francis},
  doi={10.1080/02786820500485948}
}


@article{devilliers13,
  title={A new algorithm to solve condensation/evaporation for ultra fine, fine, and coarse particles},
  author={Devilliers, Marion and Debry, Edouard and Sartelet, Karine and Seigneur, Christian},
  journal=jas,
  volume={55},
  pages={116--136},
  year={2013},
  publisher={Elsevier},
  doi={10.1016/j.jaerosci.2012.08.005}
}

@Article{haywood,
  author =       {Haywood, J. and Boucher, O.},
  title =        {Estimates of the direct and indirect radiative forcing due to tropospheric aerosols: {A} review},
  journal =      {Rev. Geophys.},
volume = {38},
number = {4},
pages= {513-543},
  year =         {2000},
  doi={10.1029/1999RG000078}
}

@article{kittelson2006road,
  title={On-road and laboratory evaluation of combustion aerosols - Part1: Summary of diesel engine results},
  author={Kittelson, DB and Watts, WF and Johnson, JP},
  journal=jas,
  volume={37},
  number={8},
  pages={913--930},
  year={2006},
  publisher={Elsevier},
  doi={10.1016/j.jaerosci.2005.08.005}
}

@Article{pope_health,
  author = 	 {Pope, C.A. and Thun, M.J. and Namboodiri, M.M. and Dockery, D.W. and Evans, J.S. and Speizer, F.E. and Heath, C.W.},
  title = 	 {Particulate air pollution as a predictor of mortality in a prospective study of {U.S.} adults},
  journal = "Am. J. Respir. Crit. Care Med.",
  year = 	 1995,
  volume =	 151,
  pages =	 {669-674},
  doi={10.1164/ajrccm/151.3_Pt_1.669}
}

@article{platt2013secondary,
  title={Secondary organic aerosol formation from gasoline vehicle emissions in a new mobile environmental reaction chamber},
  author={Platt, Stephen M and Haddad, I El and Zardini, AA and Clairotte, M and Astorga, C and Wolf, R and Slowik, JG and Temime-Roussel, B and Marchand, Nicolas and Je{\v{z}}ek, I and  Drinovec, L. and Mo\v{c}nik, G. and M\"ohler, O. and Richter, R. and Barmet, P. and Bianchi, F. and Baltensperger, U. and Pr\'ev\^ot,A.S.},
  journal=acp,
  volume={13},
  number={18},
  pages={9141--9158},
  year={2013},
  publisher={Copernicus GmbH},
  doi={10.5194/acp-13-9141-2013}
}

@article{zhao2016intermediate,
  title={Intermediate volatility organic compound emissions from on-road gasoline vehicles and small off-road gasoline engines},
  author={Zhao, Yunliang and Nguyen, Ngoc T and Presto, Albert A and Hennigan, Christopher J and May, Andrew A and Robinson, Allen L},
  journal=est,
  volume={50},
  number={8},
  pages={4554--4563},
  year={2016},
  publisher={ACS Publications},
  doi={10.1021/acs.est.5b06247}
}

@Article{schell,
  author = 		 {Schell, B. and Ackermann, I. and Hass, H. and Binkowski,
F.. and Ebel, A.},
  title = 		 {Modeling the formation of secondary organic aerosol within a
comprehensive air quality model system},
  journal = 	 jgr,
  year = 		 2001,
  volume =		 106,
  pages =		 {28275-28294},
  doi={10.1029/2001JD000384}
}

@Article{zhu2016b,
  author = {Zhu, S. and Sartelet, K. and Healy, R. and Wenger, J.},
  title = 		 {Simulation of particle diversity and mixing state over  {G}reater {P}aris: A model-measurement inter-comparison},
  journal = 	 fardisc,
  year = 		 2016,
  volume = 	 189,
  pages = 	 {547-566},
  DOI = {10.1039/C5FD00175G}
}

@Article{dergaoui13,
  author = 		 {Dergaoui, H. and Sartelet, K.N. and Debry, {\'E}. and Seigneur, C.},
  title = 		 {Modeling coagulation of externally mixed particles: sectional approach for both size and chemical composition},
  journal = 	 jaer,
  year = 		 2013,
  volume = 	 {58}, 
  pages={17-32},
  doi={10.1016/j.jaerosci.2012.11.007}
}

@article{theloke2007,
  title={Compilation of a database on the composition of anthropogenic VOC emissions for atmospheric modeling in Europe},
  author={Theloke, J. and Friedrich, R.},
  journal=atmoenv,
  volume={41},
  number={19},
  pages={4148--4160},
  year={2007},
  publisher={Elsevier},
  doi={10.1016/j.atmosenv.2006.12.026}
}

@article{sartelet2018,
  title={Emission of intermediate, semi and low volatile organic compounds from traffic and their impact on secondary organic aerosol concentrations over Greater Paris},
  author={Sartelet, K and Zhu, S and Moukhtar, S and Andr{\'e}, M and Andr{\'e}, JM and Gros, V and Favez, O and Brasseur, A and Redaelli, M},
  journal=atmoenv,
  volume={180},
  pages={126--137},
  year={2018},
  publisher={Elsevier},
  doi={10.1016/j.atmosenv.2018.02.031}
}

